<record xmlns="http://www.loc.gov/MARC21/slim" xmlns:xsi="http://www.w3.org/2001/XMLSchema-instance" xsi:schemaLocation="http://www.loc.gov/MARC21/slim http://www.loc.gov/standards/marcxml/schema/MARC21slim.xsd"><leader>03228nam a2200445   4500</leader><controlfield tag="001">002750536</controlfield><controlfield tag="003">NNU</controlfield><controlfield tag="006">m        d        </controlfield><controlfield tag="007">cr cn |||m|||a</controlfield><controlfield tag="008">150222s1884    tu      o     000 0 ara d</controlfield><datafield ind1=" " ind2=" " tag="040"><subfield code="a">NNU</subfield><subfield code="b">eng</subfield><subfield code="c">NNU</subfield></datafield><datafield ind1=" " ind2="4" tag="050"><subfield code="a">PJ7542.O43</subfield><subfield code="b">S5 1884</subfield></datafield><datafield ind1="1" ind2=" " tag="100"><subfield code="6">880-01</subfield><subfield code="a">Shari&#772;f al-Murtad&#803;a&#769;, &#699;Alam al-Huda&#769; &#699;Ali&#772; ibn al-H&#803;usayn,</subfield><subfield code="d">966-1044 or 1045.</subfield></datafield><datafield ind1="1" ind2="3" tag="245"><subfield code="6">880-02</subfield><subfield code="a">al-Shiha&#772;b fi&#772; al-shayb wa-al-shaba&#772;b</subfield><subfield code="h">[electronic resource] /</subfield><subfield code="c">ta&#700;li&#772;f al-Shari&#772;f al-Murtad&#803;a&#769; Abi&#772; al-Qa&#772;sim &#699;Ali&#772; ibn al-Shari&#772;f al-T&#803;a&#772;hir Abi&#772; Ah&#803;mad al-H&#803;usayn ibn Mu&#772;sa&#769; al-Mu&#772;sawi&#772;. Wa-yali&#772;hi Salwat al-h&#803;ari&#772;f bi-muna&#772;z&#803;arat al-rabi&#772;&#699; wa-al-khari&#772;f / ta&#700;li&#772;f Abi&#772; &#699;Uthma&#772;n &#699;Amr ibn Bah&#803;r al-Ja&#772;h&#803;iz&#803;.</subfield></datafield><datafield ind1="3" ind2=" " tag="246"><subfield code="6">880-03</subfield><subfield code="a">Salwat al-h&#803;ari&#772;f bi-muna&#772;z&#803;arat al-rabi&#772;&#699; wa-al-khari&#772;f.</subfield></datafield><datafield ind1=" " ind2=" " tag="250"><subfield code="6">880-04</subfield><subfield code="a">al-T&#803;ab&#699;ah 1.</subfield></datafield><datafield ind1=" " ind2=" " tag="260"><subfield code="6">880-05</subfield><subfield code="a">Qust&#803;ant&#803;i&#772;ni&#772;yah :</subfield><subfield code="b">Mat&#803;ba&#699;at al-Jawa&#772;&#700;ib,</subfield><subfield code="c">1302 [1884 or 1885]</subfield></datafield><datafield ind1=" " ind2=" " tag="300"><subfield code="a">online resource (136 p.)</subfield></datafield><datafield ind1=" " ind2=" " tag="500"><subfield code="a">Part of the Arabic Collections Online (ACO) project, contributed by New York Univeristy Libraries.</subfield></datafield><datafield ind1=" " ind2=" " tag="533"><subfield code="a">Electronic reproduction.</subfield><subfield code="b">New York, N.Y. :</subfield><subfield code="c">New York University,</subfield><subfield code="d">2015.</subfield><subfield code="5">NNU</subfield></datafield><datafield ind1=" " ind2="0" tag="650"><subfield code="a">Arabic poetry</subfield><subfield code="x">History and criticism</subfield><subfield code="v">Early works to 1800.</subfield></datafield><datafield ind1=" " ind2="0" tag="650"><subfield code="a">Old age in literature</subfield><subfield code="v">Early works to 1800.</subfield></datafield><datafield ind1=" " ind2="7" tag="650"><subfield code="a">Arabic poetry.</subfield><subfield code="2">fast</subfield><subfield code="0">(OCoLC)fst00812533</subfield></datafield><datafield ind1=" " ind2="7" tag="650"><subfield code="a">Old age in literature.</subfield><subfield code="2">fast</subfield><subfield code="0">(OCoLC)fst01045348</subfield></datafield><datafield ind1=" " ind2="7" tag="655"><subfield code="a">Criticism, interpretation, etc.</subfield><subfield code="2">fast</subfield><subfield code="0">(OCoLC)fst01411635</subfield></datafield><datafield ind1=" " ind2="7" tag="655"><subfield code="a">Early works.</subfield><subfield code="2">fast</subfield><subfield code="0">(OCoLC)fst01411636</subfield></datafield><datafield ind1="0" ind2="2" tag="700"><subfield code="6">880-06</subfield><subfield code="a">Ja&#772;h&#803;iz&#803;,</subfield><subfield code="d">-868 or 869.</subfield><subfield code="t">Salwat al-h&#803;ari&#772;f bi-muna&#772;z&#803;arat al-rabi&#772;&#699; wa-al-khari&#772;f.</subfield><subfield code="f">1884 or 1885.</subfield></datafield><datafield ind1="2" ind2=" " tag="710"><subfield code="a">New York University.</subfield><subfield code="b">Libraries.</subfield></datafield><datafield ind1="0" ind2=" " tag="730"><subfield code="a">Arabic Collections Online.</subfield></datafield><datafield ind1="0" ind2="8" tag="776"><subfield code="i">Online version:</subfield><subfield code="a">Shari&#772;f al-Murtad&#803;a&#769;, &#699;Alam al-Huda&#769; &#699;Ali&#772; ibn al-H&#803;usayn, 966-1044 or 5.</subfield><subfield code="t">Shiha&#772;b fi&#772; al-shayb wa-al-shaba&#772;b.</subfield><subfield code="b">al-T&#803;ab&#699;ah 1.</subfield><subfield code="d">Qust&#803;ant&#803;i&#772;ni&#772;yah : Mat&#803;ba&#699;at al-Jawa&#772;&#700;ib, 1302 [1884 or 1885]</subfield><subfield code="w">(OCoLC)586081794</subfield></datafield><datafield ind1="0" ind2="8" tag="776"><subfield code="i">Print version:</subfield><subfield code="a">Shari&#772;f al-Murtad&#803;a&#769;, &#699;Alam al-Huda&#769; &#699;Ali&#772; ibn al-H&#803;usayn, 966-1044 or 1045.</subfield><subfield code="t">al-Shiha&#772;b fi&#772; al-shayb wa-al-shaba&#772;b</subfield><subfield code="w">(NNU)002750536</subfield></datafield><datafield ind1="4" ind2="0" tag="856"><subfield code="u">http://hdl.handle.net/2333.1/8kprr6qn</subfield></datafield><datafield ind1="1" ind2=" " tag="880"><subfield code="6">100-01/</subfield><subfield code="a">&#1588;&#1585;&#1610;&#1601; &#1575;&#1604;&#1605;&#1585;&#1578;&#1590;&#1609;&#1548; &#1593;&#1604;&#1605; &#1575;&#1604;&#1607;&#1583;&#1609; &#1593;&#1604;&#1610; &#1576;&#1606; &#1575;&#1604;&#1581;&#1587;&#1610;&#1606;</subfield></datafield><datafield ind1="1" ind2="2" tag="880"><subfield code="6">245-02/</subfield><subfield code="a">&#1575;&#1604;&#1588;&#1607;&#1575;&#1576; &#1601;&#1610; &#1575;&#1604;&#1588;&#1610;&#1576; &#1608;&#1575;&#1604;&#1588;&#1576;&#1575;&#1576; /</subfield><subfield code="c">&#1578;&#1571;&#1604;&#1610;&#1601; &#1575;&#1604;&#1588;&#1585;&#1610;&#1601; &#1575;&#1604;&#1605;&#1585;&#1578;&#1590;&#1609; &#1575;&#1576;&#1610; &#1575;&#1604;&#1602;&#1575;&#1587;&#1605; &#1593;&#1604;&#1610; &#1576;&#1606; &#1575;&#1604;&#1588;&#1585;&#1610;&#1601; &#1575;&#1604;&#1591;&#1575;&#1607;&#1585; &#1575;&#1576;&#1610; &#1575;&#1581;&#1605;&#1583; &#1575;&#1604;&#1581;&#1587;&#1610;&#1606; &#1576;&#1606; &#1605;&#1608;&#1587;&#1609; &#1575;&#1604;&#1605;&#1608;&#1587;&#1608;&#1610;. &#1608;&#1610;&#1604;&#1610;&#1607; &#1587;&#1604;&#1608;&#1577; &#1575;&#1604;&#1581;&#1585;&#1610;&#1601; &#1576;&#1605;&#1606;&#1575;&#1592;&#1585;&#1577; &#1575;&#1604;&#1585;&#1576;&#1610;&#1593; &#1608;&#1575;&#1604;&#1582;&#1585;&#1610;&#1601; / &#1578;&#1571;&#1604;&#1610;&#1601; &#1575;&#1576;&#1610; &#1593;&#1579;&#1605;&#1575;&#1606; &#1593;&#1605;&#1585;&#1608; &#1576;&#1606; &#1576;&#1581;&#1585; &#1575;&#1604;&#1580;&#1575;&#1581;&#1592;.</subfield></datafield><datafield ind1="3" ind2=" " tag="880"><subfield code="6">246-03/</subfield><subfield code="a">&#1587;&#1604;&#1608;&#1577; &#1575;&#1604;&#1581;&#1585;&#1610;&#1601; &#1576;&#1605;&#1606;&#1575;&#1592;&#1585;&#1577; &#1575;&#1604;&#1585;&#1576;&#1610;&#1593; &#1608;&#1575;&#1604;&#1582;&#1585;&#1610;&#1601;.</subfield></datafield><datafield ind1=" " ind2=" " tag="880"><subfield code="6">250-04/</subfield><subfield code="a">&#1575;&#1604;&#1591;&#1576;&#1593;&#1577; 1.</subfield></datafield><datafield ind1=" " ind2=" " tag="880"><subfield code="6">260-05/</subfield><subfield code="a">&#1602;&#1587;&#1591;&#1606;&#1591;&#1610;&#1606;&#1610;&#1577; :</subfield><subfield code="b">&#1605;&#1591;&#1576;&#1593;&#1577; &#1575;&#1604;&#1580;&#1608;&#1575;&#1574;&#1576;&#1548;</subfield><subfield code="c">1302 [1884 or 1885]</subfield></datafield><datafield ind1="0" ind2="2" tag="880"><subfield code="6">700-06/</subfield><subfield code="a">&#1580;&#1575;&#1581;&#1592;&#1548;</subfield><subfield code="d">-868 or 869.</subfield><subfield code="t">&#1587;&#1604;&#1608;&#1577; &#1575;&#1604;&#1581;&#1585;&#1610;&#1601; &#1576;&#1605;&#1606;&#1575;&#1592;&#1585;&#1577; &#1575;&#1604;&#1585;&#1576;&#1610;&#1593; &#1608;&#1575;&#1604;&#1582;&#1585;&#1610;&#1601;.</subfield><subfield code="f">1884 or 1885.</subfield></datafield><datafield ind1=" " ind2=" " tag="959"><subfield code="a">NNU</subfield><subfield code="b">WEB</subfield><subfield code="c">GENI</subfield><subfield code="t">0</subfield><subfield code="m">Electronic access</subfield><subfield code="s">01</subfield></datafield><datafield ind1=" " ind2=" " tag="999"><subfield code="i">NNU_002750536</subfield><subfield code="s">nyu_aco000297</subfield></datafield></record>